@MISC{ia1,
author = {{MejorConSalud}},
title  = {{¿Cómo se usa la inteligencia artificial en el fútbol profesional?}},
howpublished = {\url{https://mejorconsalud.as.com/inteligencia-artificial-futbol-profesional/}},
note = {Accessed: 2024-4-23}
}

@MISC{dinero,
author = {{José Luis del Olmo Arriaga}},
title  = {{El gran negocio del futbol}},
howpublished = {\url{https://www.theeconomyjournal.com/texto-diario/mostrar/1525487/gran-negocio-futbol}},
note = {Accessed: 2024-4-23}
}

@MISC{ia2,
author = {{Kristalina Georgieva}},
title  = {{La economía mundial transformada por la inteligencia artificial ha de beneficiar a la humanidad}},
howpublished = {\url{https://www.imf.org/es/Blogs/Articles/2024/01/14/ai-will-transform-the-global-economy-lets-make-sure-it-benefits-humanity}},
note = {Accessed: 2024-4-23}
}


@MISC{scraping,
author = {{Kinsta}},
title  = {{¿Qué Es el Web Scraping? Cómo Extraer Legalmente el Contenido de la Web}},
howpublished = {\url{https://kinsta.com/es/base-de-conocimiento/que-es-web-scraping/}},
note = {Accessed: 2024-4-23}
}

@MISC{keras,
author = {{datascientest}},
title  = {{Keras: todo sobre la API de Deep Learning}},
howpublished = {\url{https://datascientest.com/es/keras-la-api-de-deep-learning}},
note = {Accessed: 2024-4-23}
}


@MISC{tensorflow,
author = {{Jon Larkin Alonso}},
title  = {{¿Qué es TensorFlow y para qué sirve?}},
howpublished = {\url{https://www.incentro.com/es-ES/blog/que-es-tensorflow}},
note = {Accessed: 2024-4-23}
}

@MISC{pandas,
author = {{datascientest}},
title  = {{Pandas : La biblioteca de Python dedicada a la Data Science}},
howpublished = {\url{https://datascientest.com/es/pandas-python}},
note = {Accessed: 2024-4-23}
}

@MISC{scikit,
author = {{master-data-scientist}},
title  = {{SCIKIT-LEARN, HERRAMIENTA BÁSICA PARA EL DATA SCIENCE EN PYTHON}},
howpublished = {\url{https://www.master-data-scientist.com/scikit-learn-data-science/}},
note = {Accessed: 2024-4-23}
}

@MISC{beautifulsoup,
author = {{datascientest}},
title  = {{Beautiful Soup : ¿cómo aprender a hacer web scraping en Python?}},
howpublished = {\url{https://datascientest.com/es/beautiful-soup-aprender-web-scraping}},
note = {Accessed: 2024-4-23}
}

@MISC{python,
author = {{Pablo Londoño}},
title  = {{Qué es Python, para qué sirve y cómo se usa (+ recursos para aprender)}},
howpublished = {\url{https://blog.hubspot.es/website/que-es-python}},
note = {Accessed: 2024-4-23}
}

@MISC{powerbi,
author = {{Microsoft}},
title  = {{¿Qué es Power BI?}},
howpublished = {\url{https://learn.microsoft.com/es-es/power-bi/fundamentals/power-bi-overview}},
note = {Accessed: 2024-4-23}
}

@MISC{oracle,
author = {{Oracle}},
title  = {{Premier League y Match Insights, con tecnología Oracle Cloud: Reimaginando la experiencia de los aficionados}},
howpublished = {\url{https://www.oracle.com/es/premier-league/}},
note = {Accessed: 2024-4-23}
}

@MISC{opta,
author = {{Opta}},
title  = {{OPTA DATA}},
howpublished = {\url{https://www.statsperform.com/opta/}},
note = {Accessed: 2024-4-23}
}

@MISC{iaFutbol,
author = {{Somos Futboleros}},
title  = {{Inteligencia artificial predice el campeón de la Premier League}},
howpublished = {\url{https://onefootball.com/es/noticias/inteligencia-artificial-predice-el-campeon-de-la-premier-league-38801122}},
note = {Accessed: 2024-4-23}
}

@MISC{beyondstats,
author = {{LaLiga}},
title  = {{LaLiga Beyond Stats}},
howpublished = {\url{https://www.laliga.com/beyondstats}},
note = {Accessed: 2024-4-23}
}

@MISC{resultadosfutbol,
author = {{ResultadosFutbol}},
title  = {{ResultadosFutbol}},
howpublished = {\url{https://www.resultados-futbol.com/}},
note = {Accessed: 2024-4-23}
}






@MISC{matriz-riesgos,
author = {{Team Asana}},
title  = {{Matriz de riesgos: cómo evaluar los riesgos para lograr el éxito del proyecto}},
howpublished = {\url{https://asana.com/es/resources/risk-matrix-template}},
note = {Accessed: 2023-6-12}
}



